%% This BibTeX bibliography file was created using BibDesk.
%% http://bibdesk.sourceforge.net/

%% Created for Patrick Stens at 2018-01-16 16:47:27 +0100 


%% Saved with string encoding Unicode (UTF-8) 



@book{Shneiderman:2004,
	Author = {Shneiderman, Ben and Plaisant, Catherine},
	Date-Added = {2018-01-16 15:46:51 +0000},
	Date-Modified = {2018-01-16 15:47:02 +0000},
	Isbn = {0321197860},
	Publisher = {Pearson Addison Wesley},
	Title = {Designing the User Interface: Strategies for Effective Human-Computer Interaction (4th Edition)},
	Year = {2004}}

@book{Shneiderman:1997,
	Address = {Boston, MA, USA},
	Author = {Shneiderman, Ben},
	Date-Added = {2018-01-16 15:41:51 +0000},
	Date-Modified = {2018-01-16 15:41:57 +0000},
	Edition = {3rd},
	Isbn = {0201694972},
	Publisher = {Addison-Wesley Longman Publishing Co., Inc.},
	Title = {Designing the User Interface: Strategies for Effective Human-Computer Interaction},
	Year = {1997}}

@misc{hcp:pic,
	Date-Added = {2018-01-16 15:22:35 +0000},
	Date-Modified = {2018-01-16 15:24:18 +0000},
	Lastchecked = {16. Januar 2018},
	Title = {Human-Centered Design Process},
	Urldate = {16. Januar 2018},
	Bdsk-Url-1 = {http://www.adampatrickbell.com/uploads/2/4/6/0/24604708/8140157_orig.png}}

@book{Norman:2013,
	Author = {Don Norman},
	Date-Added = {2018-01-16 13:59:48 +0000},
	Date-Modified = {2018-01-16 14:05:47 +0000},
	Pages = {221--230},
	Publisher = {New York: Basic Books},
	Read = {0},
	Title = {The Design of Everyday Things: Revised and Expanded Version},
	Year = {2013},
	Bdsk-File-1 = {YnBsaXN0MDDUAQIDBAUGJCVYJHZlcnNpb25YJG9iamVjdHNZJGFyY2hpdmVyVCR0b3ASAAGGoKgHCBMUFRYaIVUkbnVsbNMJCgsMDxJXTlMua2V5c1pOUy5vYmplY3RzViRjbGFzc6INDoACgAOiEBGABIAFgAdccmVsYXRpdmVQYXRoWWFsaWFzRGF0YV8QUS4uLy4uLy4uL0Rvd25sb2Fkcy9UaGUtRGVzaWduLW9mLUV2ZXJ5ZGF5LVRoaW5ncy1SZXZpc2VkLWFuZC1FeHBhbmRlZC1FZGl0aW9uLnBkZtIXCxgZV05TLmRhdGFPEQIQAAAAAAIQAAIAAANIREQAAAAAAAAAAAAAAAAAAAAAAAAAAAAAAADRt9QVSCsAAAAAASsfVGhlLURlc2lnbi1vZi1FdmVyeSMxQTA4MDlCLnBkZgAAAAAAAAAAAAAAAAAAAAAAAAAAAAAAAAAAAAAAAAAAAaCAm9aDw94AAAAAAAAAAAADAAIAAAkAAAAAAAAAAAAAAAAAAAAACURvd25sb2FkcwAAEAAIAADRt7f1AAAAEQAIAADWg7XOAAAAAQAMAAABKwAAAREAAAEQAAIAPUhERDpVc2VyczoAcHN0ZW5zOgBEb3dubG9hZHM6AFRoZS1EZXNpZ24tb2YtRXZlcnkjMUEwODA5Qi5wZGYAAA4AfgA+AFQAaABlAC0ARABlAHMAaQBnAG4ALQBvAGYALQBFAHYAZQByAHkAZABhAHkALQBUAGgAaQBuAGcAcwAtAFIAZQB2AGkAcwBlAGQALQBhAG4AZAAtAEUAeABwAGEAbgBkAGUAZAAtAEUAZABpAHQAaQBvAG4ALgBwAGQAZgAPAAgAAwBIAEQARAASAFYvVXNlcnMvcHN0ZW5zL0Rvd25sb2Fkcy9UaGUtRGVzaWduLW9mLUV2ZXJ5ZGF5LVRoaW5ncy1SZXZpc2VkLWFuZC1FeHBhbmRlZC1FZGl0aW9uLnBkZgATAAwvVm9sdW1lcy9IREQAFQACABn//wAAgAbSGxwdHlokY2xhc3NuYW1lWCRjbGFzc2VzXU5TTXV0YWJsZURhdGGjHR8gVk5TRGF0YVhOU09iamVjdNIbHCIjXE5TRGljdGlvbmFyeaIiIF8QD05TS2V5ZWRBcmNoaXZlctEmJ1Ryb290gAEACAARABoAIwAtADIANwBAAEYATQBVAGAAZwBqAGwAbgBxAHMAdQB3AIQAjgDiAOcA7wMDAwUDCgMVAx4DLAMwAzcDQANFA1IDVQNnA2oDbwAAAAAAAAIBAAAAAAAAACgAAAAAAAAAAAAAAAAAAANx}}

@article{Nielsen:1994:UIM,
	Acmid = {260531},
	Address = {New York, NY, USA},
	Author = {Nielsen, Jakob},
	Booktitle = {Conference Companion on Human Factors in Computing Systems},
	Date-Added = {2018-01-16 10:04:58 +0000},
	Date-Modified = {2018-01-16 10:21:20 +0000},
	Doi = {10.1145/259963.260531},
	Isbn = {0-89791-651-4},
	Location = {Boston, Massachusetts, USA},
	Numpages = {38},
	Pages = {25--62},
	Publisher = {ACM},
	Series = {CHI '94},
	Title = {Usability Inspection Methods},
	Year = {1994},
	Bdsk-Url-1 = {http://doi.acm.org/10.1145/259963.260531},
	Bdsk-Url-2 = {https://dx.doi.org/10.1145/259963.260531}}

@article{Looije:2007:UEM,
	Acmid = {1378150},
	Address = {New York, NY, USA},
	Author = {Looije, Rosemarijn and te Brake, Guido M. and Neerincx, Mark A.},
	Booktitle = {Proceedings of the 4th International Conference on Mobile Technology, Applications, and Systems and the 1st International Symposium on Computer Human Interaction in Mobile Technology},
	Date-Added = {2018-01-16 09:14:56 +0000},
	Date-Modified = {2018-01-16 10:05:49 +0000},
	Doi = {10.1145/1378063.1378150},
	Isbn = {978-1-59593-819-0},
	Keywords = {geospatial systems, mobile devices, usability engineering},
	Location = {Singapore},
	Numpages = {8},
	Pages = {532--539},
	Publisher = {ACM},
	Series = {Mobility '07},
	Title = {Usability Engineering for Mobile Maps},
	Url = {http://doi.acm.org/10.1145/1378063.1378150},
	Year = {2007},
	Bdsk-Url-1 = {http://doi.acm.org/10.1145/1378063.1378150},
	Bdsk-Url-2 = {https://dx.doi.org/10.1145/1378063.1378150}}
